@online{thread_website,
    author = "Steve",
    title = "Everything you need to know about the Thread network",
    url  = "https://nuventureconnect.com/blog/2021/07/12/everything-you-need-to-know-about-thread/",
    addendum = "(accessed: 04.12.2024)",
}

@INPROCEEDINGS{Thread_paper_1,
  author={Rzepecki, Wojciech and Ryba, Piotr},
  booktitle={2019 7th International Conference on Future Internet of Things and Cloud (FiCloud)}, 
  title={IoTSP: Thread Mesh vs Other Widely used Wireless Protocols – Comparison and use Cases Study}, 
  year={2019},
  volume={},
  number={},
  pages={291-295},
  keywords={Thread;mesh;IoT;IoTSP;Smart City;Smart home;Bluetooth mesh;ZigBee;SigFox;LoRa;NB-IoT},
  doi={10.1109/FiCloud.2019.00048}
}

@INPROCEEDINGS{Thread_noisy_env,
  author={Rzepecki, Wojciech and Iwanecki, Łukasz and Ryba, Piotr},
  booktitle={2018 6th International Conference on Future Internet of Things and Cloud Workshops (FiCloudW)}, 
  title={IEEE 802.15.4 Thread Mesh Network – Data Transmission in Harsh Environment}, 
  year={2018},
  volume={},
  number={},
  pages={42-47},
  keywords={IEEE 802.15 Standard;Instruction sets;Servers;Mesh networks;Message systems;Cloud computing;Protocols;iot;Thread;802.14.4;mesh},
  doi={10.1109/W-FiCloud.2018.00013}
}

@INPROCEEDINGS{Thread_on_drones,
  author={Jaisinghani, Dheryta and Rehman, Tanzeel Ur and Mulkey, Ryan and Berns, Andrew},
  booktitle={2023 IEEE International Conference on Pervasive Computing and Communications Workshops and other Affiliated Events (PerCom Workshops)}, 
  title={IoT in the Air: Thread-Enabled Flying IoT Network for Indoor Environments}, 
  year={2023},
  volume={},
  number={},
  pages={142-147},
  keywords={Pervasive computing;Mesh networks;Protocols;Conferences;Bit rate;Prototypes;Throughput;Flying Mesh Networks;IoT;OpenThread;CrazyFlie},
  doi={10.1109/PerComWorkshops56833.2023.10150308}
}

@online{ESP32_h_board,
    author = "Espressif Systems",
    title = "ESP32-H2-DevKitM-1",
    url  = "https://docs.espressif.com/projects/espressif-esp-dev-kits/en/latest/esp32h2/esp32-h2-devkitm-1/index.html",
    addendum = "(accessed: 04.12.2024)",
}

@INPROCEEDINGS{Thread_lightbulb,
  author={Sistu, Srikanth and Liu, Qingzhi and Ozcelebi, Tanir and Dijk, Esko and Zotti, Teresa},
  booktitle={2019 International Symposium on Networks, Computers and Communications (ISNCC)}, 
  title={Performance Evaluation of Thread Protocol based Wireless Mesh Networks for Lighting Systems}, 
  year={2019},
  volume={},
  number={},
  pages={1-8},
  keywords={Message systems;Lighting;Protocols;Unicast;IEEE 802.15 Standard;Synchronization;Network topology},
  doi={10.1109/ISNCC.2019.8909109}
}

@online{Thread_tutorial,
    author = "OpenThread",
    title = "Build a Thread Network with the ESP32H2 and ESP Thread Border Router Board",
    url  = "https://openthread.io/codelabs/esp-openthread-hardware#1",
    addendum = "(accessed: 04.12.2024)",
}

@online{Thread_tutorial_2,
    author = "ESP32",
    title = "Networking API - Thread",
    url  = "https://docs.espressif.com/projects/esp-idf/en/stable/esp32/api-reference/network/esp_openthread.html",
    addendum = "(accessed: 04.12.2024)",
}

@INPROCEEDINGS{Thread_wheelchair,
  author={Khattak, Sohaib Bin Altaf and Farman, Haleem and Nasralla, Moustafa M. and Esmail, Maged Abdullah},
  booktitle={2023 IEEE International Smart Cities Conference (ISC2)}, 
  title={Enhancing Wheelchair Communications Utilizing Thread Protocol for Improved Patient Safety}, 
  year={2023},
  volume={},
  number={},
  pages={1-6},
  keywords={Performance evaluation;Wireless LAN;Smart cities;Instruction sets;Wheelchairs;Medical services;Routing;Thread Protocol;Persons with Disability;Smart Wheelchair;Patient Safety},
  doi={10.1109/ISC257844.2023.10293573}
}